@article{melitz2003Econometrica,
  title = {The {{Impact}} of {{Trade}} on {{Intra-Industry Reallocations}} and {{Aggregate Industry Productivity}}},
  author = {Melitz, Marc J.},
  year = {2003},
  month = nov,
  journal = {Econometrica},
  volume = {71},
  number = {6},
  pages = {1695--1725},
  issn = {0012-9682, 1468-0262},
  doi = {10.1111/1468-0262.00467},
  urldate = {2025-09-29},
  copyright = {http://doi.wiley.com/10.1002/tdm\_license\_1.1},
  langid = {english}
}
