@article{costinot2012TheReviewofEconomicStudies,
  title = {What {{Goods Do Countries Trade}}? {{A Quantitative Exploration}} of {{Ricardo}}'s {{Ideas}}},
  shorttitle = {What {{Goods Do Countries Trade}}?},
  author = {Costinot, A. and Donaldson, D. and Komunjer, I.},
  year = {2012},
  month = apr,
  journal = {The Review of Economic Studies},
  volume = {79},
  number = {2},
  pages = {581--608},
  issn = {0034-6527, 1467-937X},
  doi = {10.1093/restud/rdr033},
  urldate = {2025-10-02},
  langid = {english},
  file = {C\:\\Users\\nicol\\Zotero\\storage\\7VC87N3A\\CDK-published.pdf;C\:\\Users\\nicol\\Zotero\\storage\\MBEBQLUZ\\Costinot et al. - 2012 - What Goods Do Countries Trade A Quantitative Exploration of Ricardo's Ideas.pdf}
}

@article{eaton2002Econometrica,
  title = {Technology, {{Geography}}, and {{Trade}}},
  author = {Eaton, Jonathan and Kortum, Samuel},
  year = {2002},
  month = sep,
  journal = {Econometrica},
  volume = {70},
  number = {5},
  pages = {1741--1779},
  issn = {0012-9682, 1468-0262},
  doi = {10.1111/1468-0262.00352},
  urldate = {2025-10-01},
  copyright = {http://doi.wiley.com/10.1002/tdm\_license\_1.1},
  langid = {english},
  file = {C:\Users\nicol\Zotero\storage\X8E383HX\Eaton and Kortum - 2002 - Technology, Geography, and Trade.pdf}
}

@techreport{stehrer2014wiod,
  title = {The World Input-Output Database: Content, Concepts and Applications},
  author = {Stehrer, Robert and de Vries, Gaaitzen J. and Los, Bart and Dietzenbacher, Erik and Timmer, Marcel},
  year = {2014},
  type = {Discussion paper},
  institution = {World Input-Output Database},
  url = {http://www.wiod.org/}
}

@article{timmer2015illustrated,
  title = {An Illustrated User Guide to the World Input--Output Database: The Case of Global Automotive Production},
  author = {Timmer, Marcel P. and Dietzenbacher, Erik and Los, Bart and Stehrer, Robert and de Vries, Gaaitzen J.},
  year = {2015},
  journal = {Review of International Economics},
  volume = {23},
  number = {3},
  pages = {575--605},
  doi = {10.1111/roie.12178},
  note = {Data hosted on Dataverse: \url{https://doi.org/10.34894/XDTAUZ}}
}

@misc{WITS2025,
  title        = {{WITS - World Integrated Trade Solution (TRAINS / Tariff \& Trade Data)}},
  howpublished = {\url{https://wits.worldbank.org/WITS/}},
  note         = {Accessed: 2025-10-06},
  year         = 2025,
  author       = {WITS},
  organization = {World Bank / UNCTAD}
}

@misc{USITC2025,
  title        = {{USITC DataWeb - General Imports by HTS}},
  howpublished = {\url{https://dataweb.usitc.gov/trade/search/GenImp/HTS}},
  note         = {Accessed: 2025-10-06},
  year         = 2025,
  author       = {UISTC},
  organization = {United States International Trade Commission}
}


@article{ignatenko2025making,
  title={Making America Great Again? The Economic Impacts of Liberation Day Tariffs},
  author={Ignatenko, Maxim and Macedoni, Luca and Lashkaripour, Saeed and Simonovska, Ina},
  journal={Journal of International Economics},
  year={2025},
  note={Forthcoming}
}

@article{mazumder2010spectral,
  title={Spectral regularization algorithms for learning large incomplete matrices},
  author={Mazumder, Rahul and Hastie, Trevor and Tibshirani, Robert},
  journal={Journal of Machine Learning Research},
  volume={11},
  pages={2287--2322},
  year={2010}
}
