@article{eaton2002Econometrica,
  title = {Technology, {{Geography}}, and {{Trade}}},
  author = {Eaton, Jonathan and Kortum, Samuel},
  year = {2002},
  month = sep,
  journal = {Econometrica},
  volume = {70},
  number = {5},
  pages = {1741--1779},
  issn = {0012-9682, 1468-0262},
  doi = {10.1111/1468-0262.00352},
  urldate = {2025-10-01},
  copyright = {http://doi.wiley.com/10.1002/tdm\_license\_1.1},
  langid = {english},
  file = {C:\Users\nicol\Zotero\storage\X8E383HX\Eaton and Kortum - 2002 - Technology, Geography, and Trade.pdf}
}
